<collection xmlns="http://www.loc.gov/MARC21/slim">
<record>
  <leader>02355cgm a22004934a 4500</leader>
  <controlfield tag="001">10979137</controlfield>
  <controlfield tag="005">20120126150445.0</controlfield>
  <controlfield tag="008">030705s2003    nju248            vleng d</controlfield>
  <datafield tag="035" ind1=" " ind2=" ">
    <subfield code="a">(OCoLC)ocm52557329</subfield>
  </datafield>
  <datafield tag="040" ind1=" " ind2=" ">
    <subfield code="a">NMC</subfield>
    <subfield code="c">NMC</subfield>
    <subfield code="d">OCLCQ</subfield>
    <subfield code="d">DGW</subfield>
  </datafield>
  <datafield tag="028" ind1="4" ind2="1">
    <subfield code="a">FFH 7624-FFH 7627</subfield>
    <subfield code="b">Films for the Humanities and Sciences</subfield>
  </datafield>
  <datafield tag="028" ind1="4" ind2="1">
    <subfield code="a">FFH 8283</subfield>
    <subfield code="b">Films for the Humanities and Sciences</subfield>
  </datafield>
  <datafield tag="035" ind1=" " ind2=" ">
    <subfield code="a">(OCoLC)52557329</subfield>
  </datafield>
  <datafield tag="050" ind1=" " ind2="4">
    <subfield code="a">CB351</subfield>
    <subfield code="b">.M415 2003</subfield>
  </datafield>
  <datafield tag="092" ind1=" " ind2=" ">
    <subfield code="a">940.1</subfield>
    <subfield code="b">M468</subfield>
  </datafield>
  <datafield tag="049" ind1=" " ind2=" ">
    <subfield code="a">DGWW</subfield>
  </datafield>
  <datafield tag="245" ind1="0" ind2="4">
    <subfield code="a">The Medieval mind</subfield>
    <subfield code="h">[videorecording] /</subfield>
    <subfield code="c">BBC Education &amp; Training.</subfield>
  </datafield>
  <datafield tag="260" ind1=" " ind2=" ">
    <subfield code="a">Princeton, N.J. :</subfield>
    <subfield code="b">Films for the Humanities &amp; Sciences,</subfield>
    <subfield code="c">c2003.</subfield>
  </datafield>
  <datafield tag="300" ind1=" " ind2=" ">
    <subfield code="a">5 videodiscs (248 min.) :</subfield>
    <subfield code="b">sd., col. ;</subfield>
    <subfield code="c">4 3/4 in.</subfield>
  </datafield>
  <datafield tag="500" ind1=" " ind2=" ">
    <subfield code="a">Originally broadcast in 1995 as the BBC series: A strange landscape : the illumination of the Middle Ages.</subfield>
  </datafield>
  <datafield tag="505" ind1="0" ind2=" ">
    <subfield code="a">[Pt. 1.] The jeweled city : the cathedral of Chartres (50 min.) -- [pt. 2.] The saint and the scholar : portrait of Abelard (49 min.) -- [pt. 3.] The fires of faith : dissidents and the church (50 min.) -- [pt. 4.] The circles of light : the Divine comedy (49 min.) -- [pt. 5.] Frederick II : the last emperor (50 min.).</subfield>
  </datafield>
  <datafield tag="508" ind1=" " ind2=" ">
    <subfield code="a">Producer and director, Derek Towers.</subfield>
  </datafield>
  <datafield tag="511" ind1=" " ind2=" ">
    <subfield code="a">Narrator, Christopher Frayling.</subfield>
  </datafield>
  <datafield tag="538" ind1=" " ind2=" ">
    <subfield code="a">DVD.</subfield>
  </datafield>
  <datafield tag="520" ind1=" " ind2=" ">
    <subfield code="a">This five-part series helps belie the notion of the Dark Ages by examining the complex worldview of the medieval mind through its religious personages, institutions, and poetry.</subfield>
  </datafield>
  <datafield tag="530" ind1=" " ind2=" ">
    <subfield code="a">Also available online.</subfield>
  </datafield>
  <datafield tag="650" ind1=" " ind2="0">
    <subfield code="a">Civilization, Medieval.</subfield>
  </datafield>
  <datafield tag="650" ind1=" " ind2="0">
    <subfield code="a">Middle Ages.</subfield>
  </datafield>
  <datafield tag="650" ind1=" " ind2="0">
    <subfield code="a">Religious thought</subfield>
    <subfield code="y">Middle Ages, 600-1500.</subfield>
  </datafield>
  <datafield tag="650" ind1=" " ind2="0">
    <subfield code="a">Theology, Doctrinal</subfield>
    <subfield code="x">History</subfield>
    <subfield code="y">Middle Ages, 600-1500.</subfield>
  </datafield>
  <datafield tag="650" ind1=" " ind2="0">
    <subfield code="a">Philosophy, Medieval.</subfield>
  </datafield>
  <datafield tag="700" ind1="1" ind2=" ">
    <subfield code="a">Frayling, Christopoher.</subfield>
  </datafield>
  <datafield tag="700" ind1="1" ind2=" ">
    <subfield code="a">Towers, Derek.</subfield>
  </datafield>
  <datafield tag="710" ind1="2" ind2=" ">
    <subfield code="a">Films for the Humanities (Firm)</subfield>
  </datafield>
  <datafield tag="710" ind1="2" ind2=" ">
    <subfield code="a">BBC Education &amp; Training.</subfield>
  </datafield>
  <datafield tag="740" ind1="0" ind2="2">
    <subfield code="a">Jeweled city : the cathedral of Chartres.</subfield>
  </datafield>
  <datafield tag="740" ind1="0" ind2="2">
    <subfield code="a">Saint and the scholar : portrait of Abelard.</subfield>
  </datafield>
  <datafield tag="740" ind1="0" ind2="2">
    <subfield code="a">Fires of faith : dissidents and the church.</subfield>
  </datafield>
  <datafield tag="740" ind1="0" ind2="2">
    <subfield code="a">Circles of light : the Divine comedy.</subfield>
  </datafield>
  <datafield tag="740" ind1="0" ind2="2">
    <subfield code="a">Frederick II : the last emperor.</subfield>
  </datafield>
  <datafield tag="740" ind1="0" ind2="2">
    <subfield code="a">Strange landscape : the illumination of the Middle Ages.</subfield>
  </datafield>
  <datafield tag="994" ind1=" " ind2=" ">
    <subfield code="a">C0</subfield>
    <subfield code="b">DGW</subfield>
  </datafield>
  <datafield tag="996" ind1=" " ind2=" ">
    <subfield code="a">New title added 2012-01-13</subfield>
  </datafield>
  <datafield tag="998" ind1=" " ind2=" ">
    <subfield code="c">CC ; gwsfwatson 2012-01-13</subfield>
  </datafield>
</record>