
<record>
  <leader>01714cgm a2200337Ma 4500</leader>
  <controlfield tag="001">11370073</controlfield>
  <controlfield tag="005">20120309103852.0</controlfield>
  <controlfield tag="007">vd cvuuzu</controlfield>
  <controlfield tag="008">120131p20122011ne 049            vueng d</controlfield>
  <datafield tag="040" ind1=" " ind2=" ">
    <subfield code="a">EYM</subfield>
    <subfield code="c">EYM</subfield>
  </datafield>
  <datafield tag="028" ind1="4" ind2="2">
    <subfield code="a"></subfield>
    <subfield code="b">Films for the Humanities &amp; Sciences</subfield>
  </datafield>
  <datafield tag="041" ind1="1" ind2=" ">
    <subfield code="a">chi</subfield>
    <subfield code="j">eng</subfield>
  </datafield>
  <datafield tag="049" ind1=" " ind2=" ">
    <subfield code="a">DGWW</subfield>
  </datafield>
  <datafield tag="245" ind1="0" ind2="4">
    <subfield code="a">The Chinese bubble</subfield>
    <subfield code="h">[videorecording] :</subfield>
    <subfield code="b">predictions and perspectives /</subfield>
    <subfield code="c">director &amp; research, Floris-Jan van Luyn.</subfield>
  </datafield>
  <datafield tag="260" ind1=" " ind2=" ">
    <subfield code="a">Netherlands :</subfield>
    <subfield code="b">backlight.vpro.nl ;</subfield>
    <subfield code="a">New York, NY :</subfield>
    <subfield code="b">Films Media Group [distributor],</subfield>
    <subfield code="c">c2012.</subfield>
  </datafield>
  <datafield tag="300" ind1=" " ind2=" ">
    <subfield code="a">1 online resource (50 min.).</subfield>
  </datafield>
  <datafield tag="546" ind1=" " ind2=" ">
    <subfield code="a">Mandarin Chinese; portions with English subtitles.</subfield>
  </datafield>
  <datafield tag="540" ind1=" " ind2=" ">
    <subfield code="a">U. Michigan Public Performance Rights obtained</subfield>
  </datafield>
  <datafield tag="520" ind1=" " ind2=" ">
    <subfield code="a">The biggest real estate developer in the world is - unsurprisingly - Chinese. Property tycoon Feng Lun is convinced opportunities are equal for all in China. Other nuanced views come from a taxi driver, a car salesman, and construction worker, as well as from Dr. Wang Jianmao of the China Europe International Business School and Shanghai-based economist Dr. Andy Xie. The Chinese Bubble shows how class differences motivate a country to move forward in uncertain times. It unravels the delicate dynamics of Chinese growth and reveals the sacrifices of the people who are making it happen.</subfield>
  </datafield>
  <datafield tag="600" ind1="1" ind2="0">
    <subfield code="a">Lun, Feng.</subfield>
  </datafield>
  <datafield tag="650" ind1=" " ind2="0">
    <subfield code="a">Real estate development</subfield>
    <subfield code="z">China.</subfield>
  </datafield>
  <datafield tag="650" ind1=" " ind2="0">
    <subfield code="a">Businesspeople</subfield>
    <subfield code="z">China.</subfield>
  </datafield>
  <datafield tag="650" ind1=" " ind2="0">
    <subfield code="a">Entrepreneurship</subfield>
    <subfield code="z">China.</subfield>
  </datafield>
  <datafield tag="650" ind1=" " ind2="0">
    <subfield code="a">Documentary films.</subfield>
  </datafield>
  <datafield tag="700" ind1="1" ind2=" ">
    <subfield code="a">Luyn, Floris-Jan van.</subfield>
  </datafield>
  <datafield tag="700" ind1="1" ind2=" ">
    <subfield code="a">Lun, Feng.</subfield>
  </datafield>
  <datafield tag="700" ind1="1" ind2=" ">
    <subfield code="a">Jianmao, Wang.</subfield>
  </datafield>
  <datafield tag="700" ind1="1" ind2=" ">
    <subfield code="a">Xie, Andy,</subfield>
    <subfield code="d">1962-</subfield>
  </datafield>
  <datafield tag="710" ind1="2" ind2=" ">
    <subfield code="a">VPRO Backlight (Firm)</subfield>
  </datafield>
  <datafield tag="710" ind1="2" ind2=" ">
    <subfield code="a">Films Media Group.</subfield>
  </datafield>
  <datafield tag="994" ind1=" " ind2=" ">
    <subfield code="a">C0</subfield>
    <subfield code="b">DGW</subfield>
  </datafield>
</record>