
<record>
  <leader>02756cgm a2200493Ma 4500</leader>
  <controlfield tag="001">11595451</controlfield>
  <controlfield tag="005">20120504144954.0</controlfield>
  <controlfield tag="006">m        c        </controlfield>
  <controlfield tag="007">cr cna||||||||</controlfield>
  <controlfield tag="007">vz cza|||</controlfield>
  <controlfield tag="008">110207s2006    nyu034        o   vleng d</controlfield>
  <datafield tag="035" ind1=" " ind2=" ">
    <subfield code="a">(OCoLC)ocn709668928</subfield>
  </datafield>
  <datafield tag="040" ind1=" " ind2=" ">
    <subfield code="a">CNCGM</subfield>
    <subfield code="b">eng</subfield>
    <subfield code="c">CNCGM</subfield>
    <subfield code="d">FBM</subfield>
    <subfield code="d">TUU</subfield>
    <subfield code="d">OCLCQ</subfield>
  </datafield>
  <datafield tag="028" ind1="4" ind2="0">
    <subfield code="a">33031</subfield>
    <subfield code="b">Films Media Group</subfield>
  </datafield>
  <datafield tag="035" ind1=" " ind2=" ">
    <subfield code="a">(OCoLC)709668928</subfield>
  </datafield>
  <datafield tag="049" ind1=" " ind2=" ">
    <subfield code="a">DGWW</subfield>
  </datafield>
  <datafield tag="245" ind1="0" ind2="0">
    <subfield code="a">Wearing hijab</subfield>
    <subfield code="h">[electronic resource] :</subfield>
    <subfield code="b">uncovering the Myths of Islam in the United States /</subfield>
    <subfield code="c">Watson, Mary Ann, Ph. D.</subfield>
  </datafield>
  <datafield tag="246" ind1="3" ind2=" ">
    <subfield code="a">Uncovering the Myths of Islam in the United States</subfield>
  </datafield>
  <datafield tag="260" ind1="3" ind2=" ">
    <subfield code="a">New York, N.Y. :</subfield>
    <subfield code="b">Films Media Group,</subfield>
    <subfield code="c">[2006], c2003.</subfield>
  </datafield>
  <datafield tag="300" ind1=" " ind2=" ">
    <subfield code="a">1 streaming video file (34 min.) :</subfield>
    <subfield code="b">sd., col., digital file +</subfield>
    <subfield code="e">instructional materials (online)</subfield>
  </datafield>
  <datafield tag="490" ind1="1" ind2=" ">
    <subfield code="a">Films on Demand</subfield>
  </datafield>
  <datafield tag="500" ind1=" " ind2=" ">
    <subfield code="a">Films on Demand is distributed by Films Media Group for Films for the Humanities &amp; Sciences, Cambridge Educational, Meridian Education, and Shopware.</subfield>
  </datafield>
  <datafield tag="500" ind1=" " ind2=" ">
    <subfield code="a">Encoded with permission for digital streaming by Films Media Group on Jan. 11, 2006.</subfield>
  </datafield>
  <datafield tag="506" ind1=" " ind2=" ">
    <subfield code="a">Access requires authentication through Films on Demand.</subfield>
  </datafield>
  <datafield tag="521" ind1="2" ind2=" ">
    <subfield code="a">9 &amp; up.</subfield>
  </datafield>
  <datafield tag="538" ind1=" " ind2=" ">
    <subfield code="a">Mode of access: Internet.</subfield>
  </datafield>
  <datafield tag="538" ind1=" " ind2=" ">
    <subfield code="a">System requirements: FOD playback platform.</subfield>
  </datafield>
  <datafield tag="500" ind1=" " ind2=" ">
    <subfield code="a">Title from distributor&apos;s description.</subfield>
  </datafield>
  <datafield tag="505" ind1="0" ind2=" ">
    <subfield code="a">Diversity Within Muslim Communities in America (4:31) -- Common Misconceptions About Muslim Women (3:25) -- Hijab: A Personal Decision: (3:21) -- Wearing Hijab: Subservience or Liberation? (3:03) -- American Women Who Convert to Islam (4:57) -- Arranged Marriages: A Muslim Tradition (6:37) -- Women Practicing Islam in America (5:30).</subfield>
  </datafield>
  <datafield tag="520" ind1=" " ind2=" ">
    <subfield code="a">In America, there are many misconceptions about Islam, particularly concerning its distinctive veil known as hijab. But how do Muslim women in this country who wear hijab feel about it? In this program, six Muslim women from six different ethnic backgrounds discuss their relation to this traditional garment, as well as what it means in a more general way to practice Islam in the U.S. Interviews with spouses and family members also shed light on the spiritual and cultural dimensions of this practice.</subfield>
  </datafield>
  <datafield tag="650" ind1=" " ind2="0">
    <subfield code="a">Women</subfield>
    <subfield code="x">Sexual behavior.</subfield>
  </datafield>
  <datafield tag="650" ind1=" " ind2="0">
    <subfield code="a">Sex role.</subfield>
  </datafield>
  <datafield tag="650" ind1=" " ind2="0">
    <subfield code="a">Racism</subfield>
    <subfield code="x">Study and teaching.</subfield>
  </datafield>
  <datafield tag="650" ind1=" " ind2="0">
    <subfield code="a">Race discrimination.</subfield>
  </datafield>
  <datafield tag="650" ind1=" " ind2="0">
    <subfield code="a">Islam.</subfield>
  </datafield>
  <datafield tag="655" ind1=" " ind2="4">
    <subfield code="a">Videorecording.</subfield>
  </datafield>
  <datafield tag="655" ind1=" " ind2="7">
    <subfield code="a">Educational films.</subfield>
    <subfield code="2">lcgft</subfield>
  </datafield>
  <datafield tag="655" ind1=" " ind2="7">
    <subfield code="a">Internet videos.</subfield>
    <subfield code="2">lcgft</subfield>
  </datafield>
  <datafield tag="700" ind1="1" ind2=" ">
    <subfield code="a">Watson, Mary Ann, Ph. D.</subfield>
  </datafield>
  <datafield tag="710" ind1="2" ind2=" ">
    <subfield code="a">Films for the Humanities &amp; Sciences (Firm)</subfield>
  </datafield>
  <datafield tag="710" ind1="2" ind2=" ">
    <subfield code="a">Films Media Group.</subfield>
  </datafield>
  <datafield tag="776" ind1="0" ind2="8">
    <subfield code="i">Original produced:</subfield>
    <subfield code="a">Watson, Mary Ann, Ph. D.</subfield>
    <subfield code="d">2003</subfield>
    <subfield code="z">9780736589253</subfield>
  </datafield>
  <datafield tag="830" ind1=" " ind2="0">
    <subfield code="a">Films on Demand.</subfield>
  </datafield>
  <datafield tag="994" ind1=" " ind2=" ">
    <subfield code="a">C0</subfield>
    <subfield code="b">DGW</subfield>
  </datafield>
</record>