
<record>
  <leader>03066cgm a2200445Ma 4500</leader>
  <controlfield tag="001">11595452</controlfield>
  <controlfield tag="005">20120504145011.0</controlfield>
  <controlfield tag="006">m        c        </controlfield>
  <controlfield tag="007">cr cna||||||||</controlfield>
  <controlfield tag="007">vz cza|||</controlfield>
  <controlfield tag="008">101228s2010    nyu057        o   vleng d</controlfield>
  <datafield tag="035" ind1=" " ind2=" ">
    <subfield code="a">(OCoLC)ocn741359649</subfield>
  </datafield>
  <datafield tag="040" ind1=" " ind2=" ">
    <subfield code="a">FBM</subfield>
    <subfield code="b">eng</subfield>
    <subfield code="c">FBM</subfield>
    <subfield code="d">OCLCQ</subfield>
    <subfield code="d">TUU</subfield>
    <subfield code="d">OCLCQ</subfield>
  </datafield>
  <datafield tag="028" ind1="4" ind2="0">
    <subfield code="a">40768</subfield>
    <subfield code="b">Films Media Group</subfield>
  </datafield>
  <datafield tag="035" ind1=" " ind2=" ">
    <subfield code="a">(OCoLC)741359649</subfield>
  </datafield>
  <datafield tag="043" ind1=" " ind2=" ">
    <subfield code="a">aw-----</subfield>
  </datafield>
  <datafield tag="049" ind1=" " ind2=" ">
    <subfield code="a">DGWW</subfield>
  </datafield>
  <datafield tag="245" ind1="0" ind2="0">
    <subfield code="a">Inside Mecca</subfield>
    <subfield code="h">[electronic resource] /</subfield>
    <subfield code="c">National Geographic Television &amp; Film.</subfield>
  </datafield>
  <datafield tag="260" ind1="3" ind2=" ">
    <subfield code="a">New York, N.Y. :</subfield>
    <subfield code="b">Films Media Group,</subfield>
    <subfield code="c">[2010], c2003.</subfield>
  </datafield>
  <datafield tag="300" ind1=" " ind2=" ">
    <subfield code="a">1 streaming video file (57 min.) :</subfield>
    <subfield code="b">sd., col., digital file.</subfield>
  </datafield>
  <datafield tag="500" ind1=" " ind2=" ">
    <subfield code="a">Films on Demand is distributed by Films Media Group for Films for the Humanities &amp; Sciences, Cambridge Educational, Meridian Education, and Shopware.</subfield>
  </datafield>
  <datafield tag="500" ind1=" " ind2=" ">
    <subfield code="a">Encoded with permission for digital streaming by Films Media Group on May 21, 2010.</subfield>
  </datafield>
  <datafield tag="505" ind1="0" ind2=" ">
    <subfield code="a">Hajj: Spiritual Journey of a Lifetime (2:44) -- Hajj Season at Mecca (3:09) -- American Muslim (1:35) -- South African Muslim/ Malaysian Muslim (2:43) -- Requirements of Islamic Law (2:53) -- Father Abraham (1:35) -- Prophet Mohammed (2:03) -- Malaysian Government: Organized Journey to Mecca (2:33) -- Rituals of Hajj (2:26) -- Rituals at the Ka&apos;ba (2:53) -- Charity and Celebration (2:39) -- Call to Worship (1:47) -- Pilgrim Accommodations (3:22) -- Human Nature Emerges (2:13) -- Plain of Arafat (2:16) -- Hajj: Judgment Day (3:28) -- Mercy and Absolution (2:06) -- Prayerful Night (2:02) -- Ritual: Stoning the Devil (2:17) -- Festive Atmosphere (2:22) -- Feast of the Sacrifice (1:34) -- Concluding the Hajj (4:03).</subfield>
  </datafield>
  <datafield tag="506" ind1=" " ind2=" ">
    <subfield code="a">Access requires authentication through Films on Demand.</subfield>
  </datafield>
  <datafield tag="520" ind1=" " ind2=" ">
    <subfield code="a">Each year millions of travelers flock to Mecca, undertaking the Haj, or pilgrimage, required of all devout Muslims. Few people outside of Islam, however, have seen this ancient and sacred city. This program offers an unprecedented look at the birthplace of Mohammed and the rituals that bring together the followers of the world&apos;s fastest-growing religion. Photographer Reza Deghati, himself a Muslim, gained unparalleled access to the &quot;Sacred Territory&quot; of the Haj last year and brought back still images of the event never before seen by most Westerners. Now he ushers viewers back to Mecca to capture the exclusive story of the city&apos;s traditions and holy places.</subfield>
  </datafield>
  <datafield tag="521" ind1="2" ind2=" ">
    <subfield code="a">10 &amp; up.</subfield>
  </datafield>
  <datafield tag="538" ind1=" " ind2=" ">
    <subfield code="a">Mode of access: Internet.</subfield>
  </datafield>
  <datafield tag="538" ind1=" " ind2=" ">
    <subfield code="a">System requirements: FOD playback platform.</subfield>
  </datafield>
  <datafield tag="500" ind1=" " ind2=" ">
    <subfield code="a">Title from distributor&apos;s description.</subfield>
  </datafield>
  <datafield tag="650" ind1=" " ind2="0">
    <subfield code="a">Islam.</subfield>
  </datafield>
  <datafield tag="651" ind1=" " ind2="0">
    <subfield code="a">Middle East</subfield>
    <subfield code="x">History.</subfield>
  </datafield>
  <datafield tag="651" ind1=" " ind2="0">
    <subfield code="a">Middle East.</subfield>
  </datafield>
  <datafield tag="655" ind1=" " ind2="4">
    <subfield code="a">Videorecording.</subfield>
  </datafield>
  <datafield tag="655" ind1=" " ind2="7">
    <subfield code="a">Educational films.</subfield>
    <subfield code="2">lcgft</subfield>
  </datafield>
  <datafield tag="655" ind1=" " ind2="7">
    <subfield code="a">Internet videos.</subfield>
    <subfield code="2">lcgft</subfield>
  </datafield>
  <datafield tag="710" ind1="2" ind2=" ">
    <subfield code="a">Films for the Humanities &amp; Sciences (Firm)</subfield>
  </datafield>
  <datafield tag="710" ind1="2" ind2=" ">
    <subfield code="a">Films Media Group.</subfield>
  </datafield>
  <datafield tag="710" ind1="2" ind2=" ">
    <subfield code="a">National Geographic Television &amp; Film.</subfield>
  </datafield>
  <datafield tag="776" ind1="0" ind2="8">
    <subfield code="i">Originally produced:</subfield>
    <subfield code="d">National Geographic Television &amp; Film, 2010</subfield>
    <subfield code="z">9781616164720</subfield>
  </datafield>
  <datafield tag="994" ind1=" " ind2=" ">
    <subfield code="a">C0</subfield>
    <subfield code="b">DGW</subfield>
  </datafield>
</record>