
<record>
  <leader>04229cgm a2200853 a 4500</leader>
  <controlfield tag="001">11841663</controlfield>
  <controlfield tag="005">20120817171933.0</controlfield>
  <controlfield tag="007">vd cvaizq</controlfield>
  <controlfield tag="008">031202s2003    cau--- e          vleng d</controlfield>
  <datafield tag="035" ind1=" " ind2=" ">
    <subfield code="a">(OCoLC)ocm53816173</subfield>
  </datafield>
  <datafield tag="040" ind1=" " ind2=" ">
    <subfield code="a">TEFMT</subfield>
    <subfield code="b">eng</subfield>
    <subfield code="c">TEFMT</subfield>
    <subfield code="d">JBL</subfield>
    <subfield code="d">JED</subfield>
    <subfield code="d">OCLCQ</subfield>
    <subfield code="d">LEO</subfield>
    <subfield code="d">FVC</subfield>
    <subfield code="d">RCS</subfield>
    <subfield code="d">BTCTA</subfield>
    <subfield code="d">OCLCQ</subfield>
    <subfield code="d">OCLCG</subfield>
    <subfield code="d">OCLCA</subfield>
    <subfield code="d">ZQM</subfield>
    <subfield code="d">WCM</subfield>
    <subfield code="d">TXSCH</subfield>
    <subfield code="d">OCLCA</subfield>
    <subfield code="d">OCLCQ</subfield>
    <subfield code="d">WIQ</subfield>
    <subfield code="d">DGW</subfield>
  </datafield>
  <datafield tag="019" ind1=" " ind2=" ">
    <subfield code="a">178825617</subfield>
    <subfield code="a">760020198</subfield>
  </datafield>
  <datafield tag="024" ind1="1" ind2="0">
    <subfield code="a">024543098232</subfield>
    <subfield code="d">00</subfield>
  </datafield>
  <datafield tag="024" ind1="1" ind2="0">
    <subfield code="a">024543098478</subfield>
    <subfield code="d">00</subfield>
  </datafield>
  <datafield tag="028" ind1="4" ind2="2">
    <subfield code="a">2009823</subfield>
    <subfield code="b">20th Century Fox</subfield>
  </datafield>
  <datafield tag="035" ind1=" " ind2=" ">
    <subfield code="a">(OCoLC)53816173</subfield>
    <subfield code="z">(OCoLC)178825617</subfield>
    <subfield code="z">(OCoLC)760020198</subfield>
  </datafield>
  <datafield tag="037" ind1=" " ind2=" ">
    <subfield code="b">Midwest Tapes</subfield>
    <subfield code="n">http://www.midwesttapes.com</subfield>
  </datafield>
  <datafield tag="041" ind1="1" ind2=" ">
    <subfield code="a">eng</subfield>
    <subfield code="a">spa</subfield>
    <subfield code="j">eng</subfield>
    <subfield code="j">spa</subfield>
    <subfield code="h">eng</subfield>
  </datafield>
  <datafield tag="050" ind1=" " ind2="4">
    <subfield code="a">PN1997</subfield>
    <subfield code="b">.A43 2003</subfield>
  </datafield>
  <datafield tag="082" ind1="0" ind2="4">
    <subfield code="a">791.43/75</subfield>
    <subfield code="2">22</subfield>
  </datafield>
  <datafield tag="049" ind1=" " ind2=" ">
    <subfield code="a">DGWW</subfield>
  </datafield>
  <datafield tag="245" ind1="0" ind2="0">
    <subfield code="a">Alien quadrilogy</subfield>
    <subfield code="h">[videorecording].</subfield>
  </datafield>
  <datafield tag="260" ind1=" " ind2=" ">
    <subfield code="a">[United States] :</subfield>
    <subfield code="b">20th Century Fox,</subfield>
    <subfield code="c">[2003]</subfield>
  </datafield>
  <datafield tag="300" ind1=" " ind2=" ">
    <subfield code="a">9 videodiscs (ca. 3000 min.) :</subfield>
    <subfield code="b">sd., col. ;</subfield>
    <subfield code="c">4 3/4 in.</subfield>
  </datafield>
  <datafield tag="538" ind1=" " ind2=" ">
    <subfield code="a">DVD, region 1, widescreen presentation; DTS, THX certified, dual layer.</subfield>
  </datafield>
  <datafield tag="546" ind1=" " ind2=" ">
    <subfield code="a">English or Spanish dialogue, English or Spanish subtitles; closed-captioned.</subfield>
  </datafield>
  <datafield tag="500" ind1=" " ind2=" ">
    <subfield code="a">Title from container.</subfield>
  </datafield>
  <datafield tag="511" ind1="1" ind2=" ">
    <subfield code="a">Sigourney Weaver, Tom Skerritt, John Hurt, Yaphet Kotto, Lance Henriksen, Bill Paxton, Veronica Cartwright, Winona Ryder, Ron Perlman, Paul Reiser, Ian Holm, Harry Dean Stanton.</subfield>
  </datafield>
  <datafield tag="521" ind1="8" ind2=" ">
    <subfield code="a">MPAA rating: R.</subfield>
  </datafield>
  <datafield tag="500" ind1=" " ind2=" ">
    <subfield code="a">Includes 2-disc versions of: Alien, Aliens, Alien 3, and Alien Resurrection, plus a bonus disc loaded with special features. Includes the original theatrical versions and the extended cuts of each Alien film.</subfield>
  </datafield>
  <datafield tag="520" ind1=" " ind2=" ">
    <subfield code="a">The complete story of Lieutenant Ellen Ripley&apos;s recurring battles with members of a parasitical extraterrestrial species.</subfield>
  </datafield>
  <datafield tag="505" ind1="0" ind2=" ">
    <subfield code="a">Discs 1-2. Alien (directed by Ridley Scott, screenplay by Dan O&apos;Bannon, music by Jerry Goldsmith; 1979) -- Discs 3-4. Aliens (directed by James Cameron, screenplay by James Cameron, music by James Horner; 1986) -- Discs 5-6. Alien 3 (directed by David Fincher, screenplay by David Giler, Walter Hill, Larry Ferguson, music by Elliot Goldenthal; 1992) -- Discs 7-8. Alien resurrection (directed by Jean-Pierre Jeunet, screenplay by Joss Whedon, music by John Frizzell; 1997) -- Disc 9. Alien quadrilogy bonus disc.</subfield>
  </datafield>
  <datafield tag="508" ind1=" " ind2=" ">
    <subfield code="a">Director of photography, Derek Vanlint (Alien), Adrian Biddle (Aliens), Alex Thomson (Alien3), Darius Khondji (Alien resurrection) ; edited by Terry Rawlings (Alien, Alien3), Ray Lovejoy (Aliens), Herve Schneid (Alien resurrection) ; music by Jerry Goldsmith (Alien), James Horner (Aliens), Elliot Goldenthal (Alien3), John Frizzell (Alien resurrection).</subfield>
  </datafield>
  <datafield tag="650" ind1=" " ind2="0">
    <subfield code="a">Human-alien encounters</subfield>
    <subfield code="v">Drama.</subfield>
  </datafield>
  <datafield tag="650" ind1=" " ind2="0">
    <subfield code="a">Life on other planets</subfield>
    <subfield code="v">Drama.</subfield>
  </datafield>
  <datafield tag="650" ind1=" " ind2="7">
    <subfield code="a">Vida en otros planetas</subfield>
    <subfield code="v">Teatro.</subfield>
    <subfield code="2">bidex</subfield>
  </datafield>
  <datafield tag="655" ind1=" " ind2="7">
    <subfield code="a">Science fiction films.</subfield>
    <subfield code="2">lcgft</subfield>
  </datafield>
  <datafield tag="655" ind1=" " ind2="7">
    <subfield code="a">Horror films.</subfield>
    <subfield code="2">lcgft</subfield>
  </datafield>
  <datafield tag="655" ind1=" " ind2="7">
    <subfield code="a">Feature films.</subfield>
    <subfield code="2">lcgft</subfield>
  </datafield>
  <datafield tag="655" ind1=" " ind2="7">
    <subfield code="a">Fiction films.</subfield>
    <subfield code="2">lcgft</subfield>
  </datafield>
  <datafield tag="655" ind1=" " ind2="7">
    <subfield code="a">Video recordings for the hearing impaired.</subfield>
    <subfield code="2">lcgft</subfield>
  </datafield>
  <datafield tag="700" ind1="1" ind2=" ">
    <subfield code="a">Scott, Ridley.</subfield>
    <subfield code="4">drt</subfield>
  </datafield>
  <datafield tag="700" ind1="1" ind2=" ">
    <subfield code="a">O&apos;Bannon, Dan.</subfield>
    <subfield code="4">aus</subfield>
  </datafield>
  <datafield tag="700" ind1="1" ind2=" ">
    <subfield code="a">Goldsmith, Jerry.</subfield>
    <subfield code="4">cmp</subfield>
  </datafield>
  <datafield tag="700" ind1="1" ind2=" ">
    <subfield code="a">Cameron, James,</subfield>
    <subfield code="d">1954-</subfield>
    <subfield code="4">aus</subfield>
    <subfield code="4">drt</subfield>
  </datafield>
  <datafield tag="700" ind1="1" ind2=" ">
    <subfield code="a">Horner, James.</subfield>
    <subfield code="4">cmp</subfield>
  </datafield>
  <datafield tag="700" ind1="1" ind2=" ">
    <subfield code="a">Fincher, David.</subfield>
    <subfield code="4">drt</subfield>
  </datafield>
  <datafield tag="700" ind1="1" ind2=" ">
    <subfield code="a">Giler, David.</subfield>
    <subfield code="4">aus</subfield>
  </datafield>
  <datafield tag="700" ind1="1" ind2=" ">
    <subfield code="a">Hill, Walter,</subfield>
    <subfield code="d">1942-</subfield>
    <subfield code="4">aus</subfield>
  </datafield>
  <datafield tag="700" ind1="1" ind2=" ">
    <subfield code="a">Ferguson, Larry.</subfield>
    <subfield code="4">aus</subfield>
  </datafield>
  <datafield tag="700" ind1="1" ind2=" ">
    <subfield code="a">Goldenthal, Elliot.</subfield>
    <subfield code="4">cmp</subfield>
  </datafield>
  <datafield tag="700" ind1="1" ind2=" ">
    <subfield code="a">Jeunet, Jean-Pierre,</subfield>
    <subfield code="d">1955-</subfield>
    <subfield code="4">drt</subfield>
  </datafield>
  <datafield tag="700" ind1="1" ind2=" ">
    <subfield code="a">Whedon, Joss,</subfield>
    <subfield code="d">1964-</subfield>
    <subfield code="4">aus</subfield>
  </datafield>
  <datafield tag="700" ind1="1" ind2=" ">
    <subfield code="a">Frizzell, John,</subfield>
    <subfield code="d">1966-</subfield>
    <subfield code="4">cmp</subfield>
  </datafield>
  <datafield tag="700" ind1="1" ind2=" ">
    <subfield code="a">Weaver, Sigourney,</subfield>
    <subfield code="d">1949-</subfield>
  </datafield>
  <datafield tag="700" ind1="1" ind2=" ">
    <subfield code="a">Skerritt, Tom.</subfield>
  </datafield>
  <datafield tag="700" ind1="1" ind2=" ">
    <subfield code="a">Hurt, John,</subfield>
    <subfield code="d">1940-</subfield>
  </datafield>
  <datafield tag="700" ind1="1" ind2=" ">
    <subfield code="a">Kotto, Yaphet,</subfield>
    <subfield code="d">1937-</subfield>
  </datafield>
  <datafield tag="700" ind1="1" ind2=" ">
    <subfield code="a">Henriksen, Lance,</subfield>
    <subfield code="d">1940-</subfield>
  </datafield>
  <datafield tag="700" ind1="1" ind2=" ">
    <subfield code="a">Paxton, Bill.</subfield>
  </datafield>
  <datafield tag="700" ind1="1" ind2=" ">
    <subfield code="a">Cartwright, Veronica.</subfield>
  </datafield>
  <datafield tag="700" ind1="1" ind2=" ">
    <subfield code="a">Ryder, Winona,</subfield>
    <subfield code="d">1971-</subfield>
  </datafield>
  <datafield tag="700" ind1="1" ind2=" ">
    <subfield code="a">Perlman, Ron,</subfield>
    <subfield code="d">1950-</subfield>
  </datafield>
  <datafield tag="700" ind1="1" ind2=" ">
    <subfield code="a">Reiser, Paul.</subfield>
  </datafield>
  <datafield tag="700" ind1="1" ind2=" ">
    <subfield code="a">Holm, Ian,</subfield>
    <subfield code="d">1931-</subfield>
  </datafield>
  <datafield tag="700" ind1="1" ind2=" ">
    <subfield code="a">Stanton, Harry Dean,</subfield>
    <subfield code="d">1926-</subfield>
  </datafield>
  <datafield tag="710" ind1="2" ind2=" ">
    <subfield code="a">Twentieth Century Fox Home Entertainment, Inc.</subfield>
  </datafield>
  <datafield tag="740" ind1="0" ind2="2">
    <subfield code="a">Alien.</subfield>
  </datafield>
  <datafield tag="740" ind1="0" ind2="2">
    <subfield code="a">Aliens.</subfield>
  </datafield>
  <datafield tag="740" ind1="0" ind2="2">
    <subfield code="a">Alien 3.</subfield>
  </datafield>
  <datafield tag="740" ind1="0" ind2="2">
    <subfield code="a">Alien resurrection.</subfield>
  </datafield>
  <datafield tag="994" ind1=" " ind2=" ">
    <subfield code="a">C0</subfield>
    <subfield code="b">DGW</subfield>
  </datafield>
  <datafield tag="996" ind1=" " ind2=" ">
    <subfield code="a">New title added 2012-08-17</subfield>
  </datafield>
  <datafield tag="998" ind1=" " ind2=" ">
    <subfield code="c">CCE1 ; gwsfwatson 2012-08-17</subfield>
  </datafield>
</record>