
<record>
  <leader>04673cgm a2200673Ma 4500</leader>
  <controlfield tag="001">11859826</controlfield>
  <controlfield tag="005">20120905125050.0</controlfield>
  <controlfield tag="007">vd cvaizq</controlfield>
  <controlfield tag="008">070104s2007    cau646 g          vleng d</controlfield>
  <datafield tag="035" ind1=" " ind2=" ">
    <subfield code="a">(OCoLC)ocn799319441</subfield>
  </datafield>
  <datafield tag="040" ind1=" " ind2=" ">
    <subfield code="a">UAH</subfield>
    <subfield code="c">UAH</subfield>
    <subfield code="d">OCLCO</subfield>
    <subfield code="d">DGW</subfield>
  </datafield>
  <datafield tag="020" ind1=" " ind2=" ">
    <subfield code="a">1419845349</subfield>
  </datafield>
  <datafield tag="020" ind1=" " ind2=" ">
    <subfield code="a">9781419845345</subfield>
  </datafield>
  <datafield tag="024" ind1="1" ind2=" ">
    <subfield code="a">794051278623</subfield>
  </datafield>
  <datafield tag="028" ind1="4" ind2="2">
    <subfield code="a">E2786</subfield>
    <subfield code="b">Warner Home Video</subfield>
  </datafield>
  <datafield tag="035" ind1=" " ind2=" ">
    <subfield code="a">(OCoLC)799319441</subfield>
  </datafield>
  <datafield tag="037" ind1=" " ind2=" ">
    <subfield code="b">Midwest Tape</subfield>
    <subfield code="n">http://www.midwesttapes.com</subfield>
  </datafield>
  <datafield tag="043" ind1=" " ind2=" ">
    <subfield code="a">e-uk-en</subfield>
  </datafield>
  <datafield tag="050" ind1="1" ind2="4">
    <subfield code="a">PN1992.77</subfield>
    <subfield code="b">.D63867 2007</subfield>
  </datafield>
  <datafield tag="082" ind1="0" ind2="4">
    <subfield code="a">791.45/75</subfield>
    <subfield code="2">22</subfield>
  </datafield>
  <datafield tag="049" ind1=" " ind2=" ">
    <subfield code="a">DGWW</subfield>
  </datafield>
  <datafield tag="130" ind1="0" ind2=" ">
    <subfield code="a">Doctor Who (Television program : 2005- ).</subfield>
    <subfield code="n">Season 2</subfield>
  </datafield>
  <datafield tag="245" ind1="1" ind2="0">
    <subfield code="a">Doctor Who. Season 2</subfield>
    <subfield code="h">[videorecording] /</subfield>
    <subfield code="c">BBC Wales ; produced by Phil Collinson.</subfield>
  </datafield>
  <datafield tag="246" ind1="3" ind2=" ">
    <subfield code="a">Dr. Who</subfield>
  </datafield>
  <datafield tag="260" ind1=" " ind2=" ">
    <subfield code="a">Burbank, CA :</subfield>
    <subfield code="b">Distributed in the USA and Canada by Warner Home Video,</subfield>
    <subfield code="c">[2007]</subfield>
  </datafield>
  <datafield tag="300" ind1=" " ind2=" ">
    <subfield code="a">6 videodiscs (ca. 646 min.) :</subfield>
    <subfield code="b">sd., col. ;</subfield>
    <subfield code="c">4 3/4 in.</subfield>
  </datafield>
  <datafield tag="500" ind1=" " ind2=" ">
    <subfield code="a">Title and season information from container.</subfield>
  </datafield>
  <datafield tag="500" ind1=" " ind2=" ">
    <subfield code="a">Originally broadcast on television 2005-2006.</subfield>
  </datafield>
  <datafield tag="500" ind1=" " ind2=" ">
    <subfield code="a">&quot;With thanks to the Canadian Broadcasting Corporation&quot;--Credits.</subfield>
  </datafield>
  <datafield tag="500" ind1=" " ind2=" ">
    <subfield code="a">Distributed under licence from 2 Entertain Ltd &amp; BBC Worldwide/BBC Video.</subfield>
  </datafield>
  <datafield tag="500" ind1=" " ind2=" ">
    <subfield code="a">Special features: Disc 1: &quot;Children in need&quot; special; In-vision commentary on &quot;The Christmas invasion;&quot; audio commentary on &quot;New Earth;&quot; deleted scenes; Billie Piper&apos;s video diaries; outtakes ; Disc 2: In-vision commentary on &quot;The girl in the fireplace;&quot; audio commentary on &quot;Tooth and claw&quot; and &quot;School reunion&quot; ; Disc 3: In-vision commentary on &quot;The age of steel;&quot; audio commentary on &quot;Rise of the Cybermen&quot; and &quot;The idiot&apos;s lantern&quot; ; Disc 4: In-vision commentary on &quot;The impossible planet;&quot; audio commentary on &quot;The satan pit&quot; and &quot;Love &amp; monsters&quot; ; Disc 5: In-vision commentary on &quot;Doomsday;&quot; audio commentary on &quot;Fear her and &quot;Army of ghosts&quot; ; Disc 6: &apos;Doctor Who&apos; confidential: behind-the-scenes featurette; 13 X cutdowns; David&apos;s video diaries.</subfield>
  </datafield>
  <datafield tag="505" ind1="0" ind2=" ">
    <subfield code="a">Disc 1. The Christmas invasion / written by Russell T. Davies ; directed by James Hawes -- New Earth / written by Russel T. Davies ; directed by James Hawes. Disc 2. Tooth and claw / written by Russel T. Davies ; directed by Euros Lyn -- School reunion / written by Toby Whithouse ; directed by James Hawes -- The girl in the fireplace / written by Steven Moffat ; directed by Euros Lyn. Disc 3. Rise of the Cybermen / written by Tom MacRae ; directed by Graeme Harper -- The age of steel / written by Tom MacRae ; directed by Graeme Harper -- The idiot&apos;s lantern / written by Mark Gatiss ; directed by Euros Lyn. Disc 4. The impossible planet / written by Matt Jones ; directed by James Strong -- The Satan pit / written by Matt Jones ; directed by James Strong -- Love &amp; monsters / written by Russell T. Davies ; directed by Don Zeff. Disc 5. Fear her / written by Matthew Graham ; directed by Euros Lyn -- Army of ghosts / written by Russell T. Davies ; directed by Graeme Harper -- Doomsday / written by Russell T. Davis ; directed by Graeme Harper. Disc 6. Doctor Who confidential / produced by Adam Page ; produced/directed by Geoff Evans.</subfield>
  </datafield>
  <datafield tag="508" ind1=" " ind2=" ">
    <subfield code="a">Executive producer, Russell T. Davies, Julie Gardner ; music, Murray Gold ; Confidential narrator, Mark Gatiss.</subfield>
  </datafield>
  <datafield tag="511" ind1="1" ind2=" ">
    <subfield code="a">David Tennant, Billie Piper, Camille Coduri, Noel Clarke, Nicholas Briggs.</subfield>
  </datafield>
  <datafield tag="520" ind1=" " ind2=" ">
    <subfield code="a">David Tennant steps into the role of the Doctor, now in his tenth incarnation. The second series is full of more thrills, more laughs, more heartbreak and some terrifying new aliens and old acquaintances.</subfield>
  </datafield>
  <datafield tag="538" ind1=" " ind2=" ">
    <subfield code="a">DVD, region 1, widescreen (16:9, enhanced) presentation; Dolby Digital 5.1 surround, DVD-9, NTSC.</subfield>
  </datafield>
  <datafield tag="546" ind1=" " ind2=" ">
    <subfield code="a">Subtitled for the deaf and hard of hearing.</subfield>
  </datafield>
  <datafield tag="650" ind1=" " ind2="0">
    <subfield code="a">Doctor Who (Fictitious character)</subfield>
    <subfield code="v">Drama.</subfield>
  </datafield>
  <datafield tag="650" ind1=" " ind2="0">
    <subfield code="a">Human-alien encounters</subfield>
    <subfield code="z">England</subfield>
    <subfield code="z">London</subfield>
    <subfield code="v">Drama.</subfield>
  </datafield>
  <datafield tag="650" ind1=" " ind2="0">
    <subfield code="a">Private security services</subfield>
    <subfield code="z">England</subfield>
    <subfield code="z">London</subfield>
    <subfield code="v">Drama.</subfield>
  </datafield>
  <datafield tag="650" ind1=" " ind2="0">
    <subfield code="a">Enemies</subfield>
    <subfield code="v">Drama.</subfield>
  </datafield>
  <datafield tag="651" ind1=" " ind2="0">
    <subfield code="a">London (England)</subfield>
    <subfield code="v">Drama.</subfield>
  </datafield>
  <datafield tag="700" ind1="1" ind2=" ">
    <subfield code="a">Collinson, Phil.</subfield>
    <subfield code="4">pro</subfield>
  </datafield>
  <datafield tag="700" ind1="1" ind2=" ">
    <subfield code="a">Davies, Russell T.</subfield>
    <subfield code="4">aus</subfield>
    <subfield code="4">pro</subfield>
  </datafield>
  <datafield tag="700" ind1="1" ind2=" ">
    <subfield code="a">Harper, Graeme.</subfield>
    <subfield code="4">drt</subfield>
  </datafield>
  <datafield tag="700" ind1="1" ind2=" ">
    <subfield code="a">Lyn, Euros.</subfield>
    <subfield code="4">drt</subfield>
  </datafield>
  <datafield tag="700" ind1="1" ind2=" ">
    <subfield code="a">Tennant, David,</subfield>
    <subfield code="d">1971-</subfield>
    <subfield code="4">act</subfield>
  </datafield>
  <datafield tag="700" ind1="1" ind2=" ">
    <subfield code="a">Piper, Billie,</subfield>
    <subfield code="d">1982-</subfield>
    <subfield code="4">act</subfield>
  </datafield>
  <datafield tag="700" ind1="1" ind2=" ">
    <subfield code="a">Coduri, Camille.</subfield>
    <subfield code="4">act</subfield>
  </datafield>
  <datafield tag="700" ind1="1" ind2=" ">
    <subfield code="a">Clarke, Noel,</subfield>
    <subfield code="d">1975-</subfield>
    <subfield code="4">act</subfield>
  </datafield>
  <datafield tag="700" ind1="1" ind2=" ">
    <subfield code="a">Page, Adam.</subfield>
    <subfield code="4">pro</subfield>
  </datafield>
  <datafield tag="700" ind1="1" ind2=" ">
    <subfield code="a">Evans, Geoff.</subfield>
    <subfield code="4">pro</subfield>
    <subfield code="4">drt</subfield>
  </datafield>
  <datafield tag="700" ind1="1" ind2=" ">
    <subfield code="a">Gatiss, Mark.</subfield>
    <subfield code="4">nrt</subfield>
  </datafield>
  <datafield tag="710" ind1="2" ind2=" ">
    <subfield code="a">BBC Wales.</subfield>
  </datafield>
  <datafield tag="710" ind1="2" ind2=" ">
    <subfield code="a">Canadian Broadcasting Corporation.</subfield>
  </datafield>
  <datafield tag="710" ind1="2" ind2=" ">
    <subfield code="a">Warner Home Video (Firm)</subfield>
  </datafield>
  <datafield tag="994" ind1=" " ind2=" ">
    <subfield code="a">C0</subfield>
    <subfield code="b">DGW</subfield>
  </datafield>
  <datafield tag="996" ind1=" " ind2=" ">
    <subfield code="a">New title added 2012-09-05</subfield>
  </datafield>
  <datafield tag="998" ind1=" " ind2=" ">
    <subfield code="c">CCE1  gwsfwatson 2012-09-05</subfield>
  </datafield>
</record>